<?xml version="1.0" encoding="UTF-8"?><collection xmlns="http://www.loc.gov/MARC21/slim"><record><leader>00489nam--2200157-i-4500</leader><controlfield tag="001">000009191</controlfield><controlfield tag="002">20161230</controlfield><controlfield tag="005">20170304195229</controlfield><controlfield tag="008">060222s1000------------r-----000-0-eng-d</controlfield><datafield ind1=" " ind2=" " tag="100"><subfield code="a">Colyer, B</subfield></datafield><datafield ind1=" " ind2=" " tag="245"><subfield code="a">Heat transfer and pressure drop for forced flow of pressurized liquid helium and two phase helium in tubes</subfield></datafield><datafield ind1=" " ind2=" " tag="260"><subfield code="a">Chilton Didcot Berkshire</subfield><subfield code="b">Rutherford High Energy Laboratory</subfield><subfield code="c">1970</subfield></datafield><datafield ind1=" " ind2=" " tag="300"><subfield code="a">29 p.+2 fig</subfield></datafield><datafield ind1=" " ind2=" " tag="490"><subfield code="a">Rhel</subfield></datafield><datafield ind1=" " ind2=" " tag="852"><subfield code="a">536.2</subfield></datafield><datafield ind1=" " ind2=" " tag="CAT"><subfield code="a">SYS</subfield><subfield code="c">20170304</subfield><subfield code="h">195229</subfield></datafield></record></collection>